@book{Manuel,
    author    = "Manuel Castells",
    title     = "A sociedade em rede.",
    year      = "1999",
  }

  @book{Simon,
    author    = "Simom Imre",
    title     = "Impacto da tecnolgia de informação na sociedade do futuro.",
    year      = "2000",
  }


  @misc{interface,
    author = {Site Olhar-Digital},
    title = {Interface usuário-máquina - 1000x584},
    url = {https://www.google.com.br/url?sa=i&url=https3A2F2Folhardigital.com.br2F20222F052F092Fcolunistas2Fdeep-learning-o-que-e-e-como-esta-transformando-industrias-e-vidas},
  }
  